@article{BassereauSorreLevy2013_ACIS,
author={P. Bassereau and B. Sorre and A. Levy},
title={Bending lipid membranes: Experiments after W. Helfrich's model},
volume={208},
journal={Advances in Colloid and Interface Science},
pages={47-57},
year={2014},
}

@article{Bassereau2018_JPhysD,
author={P. Bassereau and R. Jin and T. Baumgart and M. Deserno and R. Dimova and V. A. Frolov and P. V. Bashkirov and H. Grubmuller and R. Jahn and H. J. Risselada and L. Johannes and M. M. Kozlov and R. Lipowsky and T. J. Pucadyil and W. F. Zeno and J. C. Stachowiak and D. Stamou and A. Breuer and L. Lauritsena and C. Simon and C. Sykes and G. A. Voth and T. R. Weikl},
title={The 2018 biomembrane curvature and remodeling roadmap},
volume={51},
journal={J. Phys. D},
pages={343001},
year={2018},
}

@article{SimunovicBassereauVoth2018_COSB,
author={M. Simunovic and P. Bassereau and G. A. Voth},
title={Organizing membrane-curving proteins: the emerging dynamical picture},
volume={51},
journal={Current Opinion in Structural Biology},
pages={99-105},
year={2018},
}

@article{SteinkuhlerAgudo-Canalejo2016_BJ,
author={J. Steinkuhler and J. Agudo-Canalejo and R. Lipowsky and R. Dimova},
title={Modulating vesicle adhesion by electric fields},
volume={111},
journal={Biophys. J.},
pages={1454-1464},
year={2016},
}

@article{PickAlvesVogel2018_ChemRev,
author={H. Pick and A. C. Alves and H. Vogel},
title={Single-vesicle assays using liposomes and cell-derived vesicles: from modeling complex membrane processes to synthetic biology and biomedical applications},
volume={118},
journal={Chem. Rev.},
pages={8598-8654},
year={2018},
}

@article{ZhangZahnTanLin2013_PoF,
author={J. Zhang and J. Zahn and W. Tan and H. Lin},
title={A transient solution for vesicle electrodeformation and relaxation},
volume={25},
journal={Phys. Fluids},
pages={071903},
year={2013},
}

@article{Nganguia2013_PRE,
author={H. Nganguia and Y.-N. Young},
title={Equilibrium electrodeformation of a spheroidal vesicle in an ac electric field},
volume={88},
journal={Phys. Rev. E},
pages={052718},
year={2013},
}

@article{RamachandranLeal2010_PoF,
author={A. Ramachandran and G. Leal},
title={A scaling theory for the hydrodynamic interaction between a pair of vesicles or capsules},
volume={22},
journal={Phys. Fluids},
pages={091702},
year={2010},
}
