@article{EvansMetcalfe1984_BJ,
author={E. Evans and M. Metcalfe},
title={Free energy potential for aggregation of giant, neutral lipid bilayer vesicles by Van der Waals attraction},
volume={46},
journal={Biophys. J.},
pages={423-426},
year={1984},
}


@article{Biben2005_EJP,
author={T. Biben},
title={Phase-field models for free-boundary problems},
volume={26},
journal={Eur. J. Phys.},
pages={47-55},
year={2005},
}

@article{Barthes-BieselRallison1981_JFM,
author={D. Barthes-Biesel and J. M. Rallison},
title={The time-dependent deformation of a capsule freely
suspended in a linear shear flow},
volume={113},
journal={J. Fluid Mech.},
pages={251-267},
year={1981},
}

@article{GhigliottiBibenMisbah2010_JFM,
author={G. Ghigliotti and T. Biben and C. Misbah},
title={Rheology of a dilute two-dimensional suspension of vesicles},
volume={653},
journal={J. Fluid Mech.},
pages={489-518},
year={2010},
}

@article{GiresDankerMisbah2012_PRE,
author={P. Y. Gires and G. Danker and C. Misbah},
title={Hydrodynamic interaction between two vesicles in a linear shear flow},
volume={86},
journal={Phys. Rev. E},
pages={011408},
year={2012},
}

@article{Narsimhan2014_JFM,
author={V. Narsimhan and A. P. Spann and E. S. G. Shaqfeh},
title={The mechanism of shape instability for a vesicle in extensional flow},
volume={750},
journal={J. Fluid Mech.},
pages={144-190},
year={2014},
}

@article{KantslerSegreSteinberg2008_EPL,
author={V. Kantsler and E. Segre and V. Steinberg},
title={Dynamics of interacting vesicles and rheology of vesicle suspension in shear flow},
volume={82},
journal={Europhys. Lett.},
pages={58005},
year={2008},
}

@article{KantslerSegreSteinberg2008_PRL,
author={V. Kantsler and E. Segre and V. Steinberg},
title={Critical dynamics of vesicle stretching transition in elongational flow},
volume={101},
journal={Phys. Rev. Lett.},
pages={048101},
year={2008},
}

@article{ZabuskySegreDeschamps2011_PoF,
author={N. Zabusky and E. Segre and J. Deschamps and V. Kantsler and V. Steinberg},
title={Dynamics of vesicles in shear and rotational flows: modal dynamics and phase diagram},
volume={23},
journal={Phys. Fluids},
pages={041905},
year={2011},
}

@article{Misbah2006_PRL,
author={C. Misbah},
title={Vascillating breathing and tumbling of vesicles under shear flow},
volume={96},
journal={Phys. Rev. Lett.},
pages={028104},
year={2006},
}

@article{Vlahovska2007_PRE,
author={P. M. Vlahovska and R. Gracia},
title={Dynamics of a viscous vesicle in linear flows},
volume={75},
journal={Phys. Rev. E},
pages={016313},
year={2007},
}
@article{ZhaoShaqfeh2011_JFM,
author={H. Zhao and E. S. G. Shaqfeh},
title={The dynamics of a vesicle in simple shear flow},
volume={674},
journal={J. Fluid Mech.},
pages={578-604},
year={2011},
}

@article{ZhaoShaqfeh2013_JFM,
author={H. Zhao and E. S. G. Shaqfeh},
title={The shape stability of a lipid vesicle in a uniaxial extensional flow},
volume={719},
journal={J. Fluid Mech.},
pages={345-361},
year={2013},
}

@article{SpannZhaoShaqfeh2014_PoF,
author={A. P. Spann and H. Zhao and E. S. G. Shaqfeh},
title={Loop subdivision surface boundary integral method simulations of vesicles at low reduced volume ratio in shear and extensional flow},
volume={16},
journal={Phys. Fluids},
pages={031902},
year={2014},
}

@BOOK{Book_IntermolecularSurfaceForces,
author={J. Israelachvili},
booktitle={Intermolecular and surface forces},
publisher={Academic Press Inc., San Diego},
year={1991},
}
@BOOK{Book_PhysicalBasisCellAdhesion,
author={E. Evans},
booktitle={Physical basis of cell-cell adhesion},
editor={P. Bongrand},
publisher={CRC Press},
year={1988},
}

@article{LiuChuNewbyRead2018_bioRxiv,
author={K. Liu and B. Chu and J. Newby and E. L. Read and J. Lowengrub and J. Allard},
title={Hydrodynamics of transient cell-cell contact: The role of membrane permeability and active protrusion length},
journal={bioRxiv},
volume={},
pages={},
year={2018},
}

@article{Veerapaneni2011_PRL,
author={S. Veerapaneni and Y.-N. Young and P. M. Vlahovska and J. B{\l}azdzwicz},
title={Dynamics of a compound vesicle in shear flow},
journal={Phys. Rev. Lett.},
volume ={106},
pages = {158103},
year={2011},
}

@article{YoungStone2017_PRF,
author={Y.-N. Young and H. A. Stone},
title={Long-wave dynamics of an elastic sheet lubricated by a thin liquid film on a wetting substrate},
journal={Phys. Rev. Fluids},
volume={2},
pages={064001},
year={2017},
}

@article{MaderVitkova2006_EurPhysJE,
author={M.-A. Mader and V. Vitkova and M. Abkarian and A. Viallat and T. Podgorski},
title={Dynamics of viscous vesicles in shear flow},
journal={Eur. Phys. J. E},
volume={19},
pages={389-397},
year={2006},
}

@article{Vitkova2008_BJ,
author={V. Vitkova and M. Mader and B. Polack and C.  Misbah and T.Podgorski},
title={Micro-macro link in rheology of erythrocyte and vesicle suspensions},
journal={Biophys. J.},
volume={95},
pages={L33-L35},
year={2008},
}

@article{RamachandranAndersonLealIsraelachvili2010_Langmuir,
author={A. Ramachandran and T. H. Anderson and L. G. Leal and J. N. Israelachvili},
title={Adhesive Interactions between Vesicles in the Strong Adhesion Limit
},
journal={Langmuir},
volume={27},
pages={59-73},
year={2010},
}

@article{DahlNarsimhanGouveia2016_SoftMatt,
author={J. B. Dahl and V. Narsimhan and B. Gouveia and S. Kumar and E. S. G. Shaqfehde and S. J. Muller},
title={Experimental observation of the asymmetric instability of intermediate-reduced-volume vesicles in extensional flow},
journal={Soft Matt.},
volume={12},
pages={3787},
year={2016},
}

@article{Finken2008_EPL,
author={R. Finken and A. Lamura and U. Seifert and G. Gompper},
title={Two-dimensional fluctuating vesicles in linear shear flow},
journal={Eur. Phys. Lett.},
volume={25},
pages={309-321},
year={2008},
}

@article{Abkarian2008_SoftMatt,
author={M. Abkarian and A. Viallat},
title={Vesicles and red blood cells in shear flow},
journal={Soft Matter},
volume={4},
pages={653-657},
year={2008},
}

@article{BagchiJohoson2005_JBE,
author={P. Bagchi and P. C. Johnson and A. S. Popel},
title={Computational fluid dynamic simulation of
aggregation of deformable cells in a shear flow},
journal={J. Biomech. Engng},
volume={127},
pages={1070-1080},
year={2005},
}

@article{Veerapaneni2009_JCP,
author={S. K. Veerapaneni and D. Gueyffier and D. Zorin and G. Biros},
title={A boundary integral method for simulating the dynamics of inextensible vesicles suspended in a viscous fluid in 2D},
journal={J. Comp. Phys.},
volume={228},
pages={2334-2353},
year={2009},
}


@article{SeolHuKimLai2016_JCP,
author={Y. Seol and W.-F. Hu  and Y. Kim and M.-C. Lai},
title={An immersed boundary method for simulating vesicle dynamics in three dimensions},
journal={J. Comp. Phys.},
volume={322},
pages={125-141},
year={2016},
}

@article{BlountMiksisDavis2013_PRSa,
author={M. J. Blount and M. J. Miksis and S. H. Davis},
title={The equilibria of vesicles adhered to substrates by short-ranged potentials},
journal={Proc. Royal Soc. A},
volume={469},
pages={20120729},
year={2013},
}

@article{ShiFengGao2006_ActaMechSin,
author={W. Shi and X. Q. Feng and H. Gao},
title={Two-dimensional model of vesicle adhesion on curved substrates},
journal={Acta Mech. Sin.},
volume={22},
pages={529-535},
year={2006},
}

@article{qua-bir2016,
title = {{Adaptive time stepping for vesicle simulations}},
author = {Bryan Quaife and George Biros},
journal = {Journal of Computational Physics},
volume = {306},
pages = {478--499},
year = {2016}
}

@article{suk-sei2001,
title = {{Influence of shear flow on vesicles near a wall: A numerical
  study}},
author = {Sreejith Sukumaran and Udo Seifert},
author = {S.~Sukumaran and U.~Seifert},
journal = {Physical Review E},
volume = {64},
number = {011916},
year = {2001}
}

@article{qua-bir2014,
title = {High-volume fraction simulations of two-dimensional vesicle
  suspensions},
author = {Bryan Quaife and George Biros},
journal = {Journal of Computational Physics},
volume = {274},
pages = {245--267},
year = {2014}
}

@article{vee-gue-zor-bir2009,
title = {A boundary integral method for simulating the dynamics of
  inextensible vesicles suspended in a viscous fluid in 2{D}},
author = {S.~K.~Veerapaneni and D.~Gueyffier and D.~Zorin and G.~Biros},
journal = {Journal of Computational Physics},
volume = {228},
number = {7},
pages = {2334--2353},
year = {2009}
}

@article{alp1999,
title = {{Hybrid Gauss-Trapezoidal Quadrature Rules}},
author = {B.~K.~Alpert},
journal = {SIAM Journal on Scientific Computing},
volume = {20},
pages = {1551--1584},
year = {1999}
}

@article{tre-wei2014,
title = {{The Exponentially Convergent Trapezoidal Rule}},
author = {Lloyd N.~Trefethen and J.~A.~C.~Weideman},
journal = {SIAM Review},
volume = {56},
number = {3},
pages = {385--458},
year = {2014}
}

@article{Seifert1990_PRA,
title={Adhesion of vesicles},
author={U. Seifert and R. Lipowsky},
journal={Phys. Rev. A},
volume={42},
pages={4768},
year={1990},
}

@article{LinFreund2007_IntJSolidsStructures,
title={Forced detachment of a vesicle in adhesive contact with a substrate},
author={Y. Lin and L. B. Freund},
journal={Int. J. Solids and Structures},
volume={44},
pages={1927-1938},
year={2007},
}

@article{BassereauSorreLevy2013_ACIS,
author={P. Bassereau and B. Sorre and A. Levy},
title={Bending lipid membranes: Experiments after W. Helfrich's model},
volume={208},
journal={Advances in Colloid and Interface Science},
pages={47-57},
year={2014},
}

@article{Bassereau2018_JPhysD,
author={P. Bassereau and R. Jin and T. Baumgart and M. Deserno and R. Dimova and V. A. Frolov and P. V. Bashkirov and H. Grubmuller and R. Jahn and H. J. Risselada and L. Johannes and M. M. Kozlov and R. Lipowsky and T. J. Pucadyil and W. F. Zeno and J. C. Stachowiak and D. Stamou and A. Breuer and L. Lauritsena and C. Simon and C. Sykes and G. A. Voth and T. R. Weikl},
title={The 2018 biomembrane curvature and remodeling roadmap},
volume={51},
journal={J. Phys. D},
pages={343001},
year={2018},
}

@article{SimunovicBassereauVoth2018_COSB,
author={M. Simunovic and P. Bassereau and G. A. Voth},
title={Organizing membrane-curving proteins: the emerging dynamical picture},
volume={51},
journal={Current Opinion in Structural Biology},
pages={99-105},
year={2018},
}

@article{SteinkuhlerAgudo-Canalejo2016_BJ,
author={J. Steinkuhler and J. Agudo-Canalejo and R. Lipowsky and R. Dimova},
title={Modulating vesicle adhesion by electric fields},
volume={111},
journal={Biophys. J.},
pages={1454-1464},
year={2016},
}

@article{PickAlvesVogel2018_ChemRev,
author={H. Pick and A. C. Alves and H. Vogel},
title={Single-vesicle assays using liposomes and cell-derived vesicles: from modeling complex membrane processes to synthetic biology and biomedical applications},
volume={118},
journal={Chem. Rev.},
pages={8598-8654},
year={2018},
}

@article{ZhangZahnTanLin2013_PoF,
author={J. Zhang and J. Zahn and W. Tan and H. Lin},
title={A transient solution for vesicle electrodeformation and relaxation},
volume={25},
journal={Phys. Fluids},
pages={071903},
year={2013},
}

@article{Nganguia2013_PRE,
author={H. Nganguia and Y.-N. Young},
title={Equilibrium electrodeformation of a spheroidal vesicle in an ac electric field},
volume={88},
journal={Phys. Rev. E},
pages={052718},
year={2013},
}

@article{RamachandranLeal2010_PoF,
author={A. Ramachandran and G. Leal},
title={A scaling theory for the hydrodynamic interaction between a pair of vesicles or capsules},
volume={22},
journal={Phys. Fluids},
pages={091702},
year={2010},
}

