@PREAMBLE{
 "\providecommand{\noopsort}[1]{}" 
 # "\providecommand{\singleletter}[1]{#1}%" 
}

@INCOLLECTION{poz-1992,
	editor={},
	author={C. Pozrikidis},
	year={1992},
	title={Chapter 2: The boundary integral equations},
	booktitle={Boundary integral and singularity methods for linearized viscous flow},
	pages={},
	publisher={Cambridge University Press},
	address={},
}

@article{vee-gue-zor-bir-2009,
	title = {A boundary integral method for simulating the dynamics of
	inextensible vesicles suspended in a viscous fluid in 2{D}},
	author = {S.~K.~Veerapaneni and D.~Gueyffier and D.~Zorin and G.~Biros},
	journal = {Journal of Computational Physics},
	volume = {228},
	number = {7},
	pages = {2334--2353},
	year = {2009}
}

@article{yao-mor2017,
title = {A numerical method for osmotic water flow and solute diffusion
with deformable membrane boundaries in two spatial dimension},
author = {Lingxing Yao and Yoichiro Mori},
journal = {Journal of Computational Physics},
volume = {350},
pages = {728--746},
year = {2017}
}


@article{soh-tse-li-voi-low2010,
	title = {Dynamics of multicomponent vesicles in a viscous fluid},
	author = {Jin Sun Sohn and Yu-Hua Tseng and Shuwang Li and Axel Voigt
	and John S.~Lowengrub},
	journal = {Journal of Computational Physics},
	volume = {229},
	issue = {1},
	month = {January},
	pages = {119--144},
	year = {2010}
} 

@article{Yan-Ma-Ver-2001,
	title={Erythrocyte water permeability and renal function in double knockout mice lacking aquaporin-1 and aquaporin-3},
	author={B. Yang and T. Ma and A. S. Verkman},
	journal={J. Biol. Chem.},
	volume={276},
	pages={624-628},
	year={2001},
}

@article{Fet-Hay-1980,
	title={Water permeabilitty of lipid membranes},
	author={R. Fettiplace and D. A. Haydonn},
	journal={Physiological Reviews},
	volume={60},
	number={2},
	pages={510--550},
	year={1980},
}

@article{Gra-2019,
	title={Multiscale (re)modeling of lipid bilayer membranes},
	author={Andrea Grafmueller},
	journal={Adv. Biomem. Lipid Self-Assembly},
	volume={30},
	pages={1--66},
	year={2019},
}

@article{Tho-Hua-1966,
	title={The water permeability of lipid bilayer membranes},
	author={T. E. Thompson and C. Huang},
	journal={Ann. N. Y. Acad. Sci.},
	volume={137},
	pages={740-744},
	year={1966},
}

@INCOLLECTION{Uga-Gar-Cla-2019,
	editor={Rumiana Dimova and Carlos Marques},
	author={Begona Ugarte-Uribe and Ana J. Garcia-Saez and Mireille M. A. E. Claessens},
	year={2019},
	title={Chapter 20: Membrane permeability measurements},
	booktitle={The Giant Vesicle Book},
	pages={},
	publisher={CRC Press},
	address={},
}

@article{Bha-Dim-2020,
	title={Membrane permeability to water measured by microfluidic trapping of giant vesicles},
	author={Tripta Bhatia and Tom Robinson and Rumiana Dimova},
	journal={Soft Matt.},
	volume={16},
	pages={7359},
	year={2020},
}

@article{vee-raj-bir-pur2009,
	title = {Analytical and numerical solutions for shapes of quiescent
	two-dimensional vesicles},
	author = {Shravan K.~Veerapaneni and Ritwik Raj and George Biros and
	Prashant K.~Purohit},
	journal = {International Journal of Non-Linear Mechanics},
	volume = {44},
	pages = {257--262},
	year = {2009}
}

@article{qua-gan-you2021,
	title = {Hydrodynamics of a semipermeable inextensible membrane under
flow and confinement},
	author = {Bryan Quaife and Ashley Gannon and Y.-N Young},
	journal = {Physical Review Fluids},
	volume = {6},
	pages = {073601},
	year = {2021}
}

@article{qua-vee-you2019,
	title = {Hydrodynamics and rheology of a vesicle doublet suspension},
	author = {Bryan Quaife and Sharvan Veerapaneni and Y.-N Young},
	journal = {Physical Review Fluids},
	volume = {4},
	pages = {},
	year = {2019}
}

@article{qua-bir2016,
	title = {Adaptive time stepping for vesicle suspensions},
	author = {Bryan Quaife and George Biros},
	journal = {Journal of Computational Physics},
	volume = {306},
	pages = {478--499},
	year = {2016}
}

@article{saa-sch1986,
	title = {GMRES: A generalized minimal residual algorithm for solving nonsymmetric linear systems},
	author = {Youcef Saad and Martin H. Schultz},
	journal = {SIAM Journal on Scientific and Statistical Computing},
	volume = {7},
	pages = {856--869},
	year = {1986}
}

@article{abk-fai-sto2006,
	title = {High-speed microfluidic differential manometer for cellularscale
	hydrodynamics},
	author = {M. Abkarian and M. Faivre and H. A. Stone},
	journal = {Proceedings of the National Academy of Sciences},
	volume = {103},
	pages = {538--542},
	year = {2006}
}

@article{Pak2015_PNAS,
	author={On Shun Pak and Y.-N. Young and Gary R. Marple and Shravan Veerapaneni and Howard A. Stone},
	title={Gating of a mechanosensitive channel due to cellular flows},
	journal={Proc. Nat. Acad. Sci.},
	volume={112},
	number={32},
	pages={9822--9827},
	year={2015},
}

@article{HarmanBertrandJoos2017_CJP,
	title={Deformation and rupture of vesicles confined in narrow channels},
	author={Alison Harman and Martine Bertrand and Bela Joos},
	journal={Canadian Journal of Physics},
	volume={95},
	pages={916--922},
	year={2017},
}

@article{wu2015critical,
	title={The critical pressure for driving a red blood cell through a
	contracting microfluidic channel},
	author={Wu, Tenghu and Guo, Quan and Ma, Hongshen and Feng, James J},
	journal={Theoretical and Applied Mechanics Letters},
	volume={5},
	number={6},
	pages={227--230},
	year={2015},
	publisher={Elsevier}
}

@article{LuPeng2019_PoF,
	author={Huijie Lu and Zhangli Peng},
	title={Boundary integral simulations of a red blood cell squeezing through a submicron slit under prescribed inlet and outlet pressures},
	journal={Phys. Fluids},
	volume={31},
	number={},
	pages={031902},
	year={2019},
}

@article{pap-saa-ver2008,
	author = {M.C. Papadopoulos and S. Saadoun and A.S. Verkman},
	title = {Aquaporins and Cell Migration},
	journal = {Eur Journal of Physiology},
	volume = {456},
	pages = {693-700},
	year = {2008},
}

@article{kao-bir-mis2009,
title = {{Why Do Red Blood Cells Have Asymmetric Shapes Even in a
  Symmetric Flow?}},
author = {Badr Kaoui and George Biros and Chaouqi Misbah},
journal = {Physical Review Letters},
volume = {103},
number = {18},
pages = {188101},
year = {2009}
}

@article{liu-mar-li-vee-low2017,
title = {Dynamics of a multicomponent vesicle in shear flow},
author = {Kai Liu and Gary R.~Marple and Shuwang Li and Shravan
  Veerapaneni and John Lowengrub},
journal = {Soft Matter},
volume = {13},
pages = {3521--3531},
year = {2017}
}

@article{hou-low-she1994,
title = {{Removing the Stiffness for Interfacial Flows with Surface
  Tension}},
author = {Thomas Y.~Hou and John S.~Lowengrub and Michael J.~Shelley},
journal = {Journal of Computational Physics},
volume = {114},
pages = {312--338},
year = {1994}
}

@article{aga-bir2020,
title = {{Stable shapes of three-dimensional vesicles in unconfined and
  confined Poiseuille flow}},
author = {Dhwanit Agarwal and George Biros},
journal = {Physical Review E},
volume = {5},
pages = {013603},
year = {2020}
}

@article{ger-sal-spa2022,
title = {Swinging and tumbling of multicomponent vesicles in flow},
author = {Prerna Gera and David Salac and Saverio E.~Spagnolie},
journal = {Journal of Fluid Mechanics},
volume = {935},
pages = {},
year = {2022}
}

@article{bag-sun2009,
title = {{Phase behavior of multicomponent membranes: Experimental and
computational techniques}},
author = {Luis Bagatolli and P.~B.~Sunil Kumar},
journal = {Soft Matter},
volume = {5},
pages = {3234--3248},
year = {2009}
}

@article{dan-vla-mis2009,
title = {{Vesicles in Poiseuille Flow}},
author = {Gerrit Danker and Petia M.~Vlahovska and Chaouqi Misbah},
journal = {Physical Review Letters},
volume = {102},
pages = {148102},
year = {2009}
}

@article{wan-du2008,
title = {Modelling and simulations of multi-component lipid membranes
and open membranes via diffuse interface approaches},
author = {Xiaoqiang Wang and Xiang Du},
journal = {Journal of Mathematical Biology},
volume = {56},
pages = {347--371},
year = {2008}
}

@article{zha-das-du2010,
title = {Adhesion of multicomponent vesicle membranes},
author = {Yanxiang Zhao and Sovan Das and Qiang Du},
journal = {Physical Review E},
volume = {81},
pages = {041919},
year = {2010}
}

@article{lip1992,
title = {Budding of membranes induced by intramembrane domains},
author = {Reinhard Lipowsky},
journal = {Journal de Physique II},
volume = {2},
number = {10},
pages = {1825--1840},
year = {1992},
}

@article{tan-yan-ima2011,
title = {Numerical investigations of the dynamics of two-component
vesicles},
author = {Takashi Taniguchi and Miho Yanagisawa and Masayuki Ima},
journal = {Journal of Physics: Condensed Matter},
volume = {23},
pages = {284103},
year = {2011}
}

@article{dre-jah-bob-spa-gop2021,
title = {{Division and Regrowth of Phase-Separated Giant Unilamellar Vesicles}},
author = {Yannik Dreher and Kevin Jahnke and Elizaveta Bobkova and
Joachim P.~Spatz and Kerstin G\"opfrich},
journal = {Angewandte Chemie},
volume = {60},
pages = {10661--10669},
year = {2021}
}

@article{yan-ima-tan2008,
title = {{Shape Deformation of Ternary Vesicles Coupled with Phase
Separation}},
author = {Miho Yanagisawa and Masayuki Imai and Takashi Taniguchi},
journal = {Physical Review Letters},
volume = {100},
pages = {148102},
year = {2008}
}

@article{yan-ima-tan2010,
title = {Periodic modulation of tubular vesicles induced by phase
separation},
author = {Miho Yanagisawa and Masayuki Imai and Takashi Taniguchi},
journal = {Physical Review E},
volume = {82},
pages = {051928},
year = {2010}
}

@article{abb-far-nai-ezz-ben-mis2022,
title = {Dynamics and rheology of a single two-dimensional multilobe
vesicle in a confined geometry},
author = {Mehdi Abbasi and Alexander Farutin and Abdessamad Nait-Ouhra
and Hamid Ez-Zahraouy and Abdelilah Benyoussef and Chaouqi Misbah},
journal = {Physical Review Fluids},
volume = {7},
pages = {093603},
year = {2022}
}

@article{urs-klu-phi2009,
title = {Morphology and interaction between lipid domains},
author = {Tristan S.~Ursell and William S.~Klug and Rob Phillips},
journal = {Proceedings of the National Academy of Sciences},
volume = {106},
number = {32},
pages = {13301--13306},
year = {2009}
}

@article{sem-sch2009,
title = {Membrane Heterogeneity - from lipid domains to curvature
effects},
author = {Stefan Semrau and Thomas Schmidt},
journal = {Soft Matter},
volume = {5},
pages = {3174--3186},
year = {2009}
}

@article{lyu-che-far-jae-mis-leo2023,
title = {{Swirling of vesicles: Shapes and dynamics in Poiseuille flow
as a model of RBC microcirculation}},
author = {Jinming Lyu and Paul G.~Chen and Alexander Farutin and
Marc Jaeger and Chaouqi Misbah and Marc Leonetti},
journal = {Physical Review Fluids},
volume = {8},
number = {2},
pages = {L021602},
year = {2023},
publisher = {APS}
}

@article{all-ama2006,
title = {Budding and fission of a multiphase vesicle},
author = {J.-M.~Allain and M.~Ben Amar},
journal = {The European Physical Journal E},
volume = {20},
pages = {409--420},
year = {2006}
}

@article{nog-gom2005,
title = {{Dynamics of fluid vesicles in shear flow: Effect of membrane
viscosity and thermal fluctuations}},
author = {Hiroshi Noguchi and Gerhard Gompper},
journal = {Physical Review E},
volume = {72},
pages = {011901},
year = {2005}
}