@article{ThompsonHuang1966_ANYAS,
title={The water permeability of lipid bilayer membranes},
author={T. E. Thompson and C. Huang},
journal={Ann. N. Y. Acad. Sci.},
volume={137},
pages={740-744},
year={1966},
}

@article{YangMaVerkman2001_JBC,
title={Erythrocyte water permeability and renal function in double knockout mice lacking aquaporin-1 and aquaporin-3},
author={B. Yang and T. Ma and A. S. Verkman},
journal={J. Biol. Chem.},
volume={276},
pages={624-628},
year={2001},
}

@article{SugieIntaglietta2018_AmJPhysiolHCP,
title={Water transport and homeostasis as a major function of erythrocytes},
author={Joseph Sugie and Marcos Intaglietta and Lanping Amy Sung},
journal={Am. J. Physiol. Heart Circ. Physiol.},
volume={314},
pages={H1098-H1107},
year={2018},
}

@article{Mori2012_JMB,
title={Mathematical properties of pump-leak models of cell volume control and electrolyte balance},
author={Y. Mori},
journal={J. Math. Biol.},
volume={65},
pages={875--918},
year={2012},
}

@article{DeamerBramhall1986_ChemPhysLipids,
title={PERMEABILITY OF LIPID BILAYERS TO WATER AND IONIC SOLUTES},
author={David W. Deamer and John Bramhall},
journal={Chem. Phys. Lipids},
volume={40},
pages={167--188},
year={1986},
}

@article{Dick1964_JTB,
title={The Permeability Coefficient of Water in the Cell Membrane and the Diffusion Coefficient in the Cell Interior},
author={D. A. T. Dick},
journal={J. Theoret. Biol.},
volume={7},
pages={504--531},
year={1964},
}

@article{Grafmueller2019_ABLS,
title={Multiscale (re)modeling of lipid bilayer membranes},
author={Andrea Grafmueller},
journal={Adv. Biomem. Lipid Self-Assembly},
volume={30},
pages={1--66},
year={2019},
}

@article{ShojiKawano2019_LabChip,
title={Osmotic-engine-driven liposomes in microfluidic channels},
author={Kah Shoji and Ryuji Kawano},
journal={Lab Chip},
volume={19},
pages={3472},
year={2019},
}

@article{FettiplaceHaydon1980_PhysRev,
title={Water permeabilitty of lipid membranes},
author={R. Fettiplace and D. A. Haydonn},
journal={Physiological Reviews},
volume={60},
number={2},
pages={510--550},
year={1980},
}

@INCOLLECTION{AlbertsMolecularBiology,
author={Bruce Alberts and Alexander Johnson and Julian Lewis and David Morgan and Martin Raff and Keith Roberts and Peter Walter},
year={2015},
title={Chapter 9},
booktitle={Molecular Biology of the Cell},
pages={},
publisher={Garland Science, Taylor \& Francis Group},
address={New York, New York, USA},
}


@article{yao-mor2017,
title = {A numerical method for osmotic water flow and solute diffusion
with deformable membrane boundaries in two spatial dimension},
author = {Lingxing Yao and Yoichiro Mori},
journal = {Journal of Computational Physics},
volume = {350},
pages = {728--746},
year = {2017}
}

@article{soh-tse-li-voi-low2010,
title = {Dynamics of multicomponent vesicles in a viscous fluid},
author = {Jin Sun Sohn and Yu-Hua Tseng and Shuwang Li and Axel Voigt
and John S.~Lowengrub},
journal = {Journal of Computational Physics},
volume = {229},
issue = {1},
month = {January},
pages = {119--144},
year = {2010}
} 

@article{vee-gue-zor-bir2009,
title = {A boundary integral method for simulating the dynamics of
  inextensible vesicles suspended in a viscous fluid in 2{D}},
author = {S.~K.~Veerapaneni and D.~Gueyffier and D.~Zorin and G.~Biros},
journal = {Journal of Computational Physics},
volume = {228},
number = {7},
pages = {2334--2353},
year = {2009}
}

@article{qua-bir2014,
title = {High-volume fraction simulations of two-dimensional vesicle
  suspensions},
author = {Bryan Quaife and George Biros},
journal = {Journal of Computational Physics},
volume = {274},
pages = {245--267},
year = {2014}
}

@article{alp1999,
title = {{Hybrid Gauss-Trapezoidal Quadrature Rules}},
author = {B.~K.~Alpert},
journal = {SIAM Journal on Scientific Computing},
volume = {20},
pages = {1551--1584},
year = {1999}
}

@article{fin-lam-sei-gom2008,
title = {Two-dimensional fluctuating vesicles in linear shear flow},
author = {R.~Finken and A.~Lamura and U.~Seifert and G.~Gompper},
journal = {The European Physical Journal E},
volume = {25},
pages = {309--321},
year = {2008}
}

@article{lai-tse-hua2008,
title = {An immersed boundary method for interfacial flows with
insoluble surfactant},
author = {Ming-Chih Lai and Yu-Hau Tseng and Huaxiong Huang},
journal = {Journal of Computational Physics},
volume = {227},
pages = {7279--7293},
year = {2008}
}

@article{kra-win-sei-lip1996,
title = {{Fluid Vesicles in Shear Flow}},
author = {M.~Kraus and W.~Wintz and U.~Seifert and R.~Lipowsky},
journal = {Physical Review Letter},
volume = {77},
number = {17},
pages = {3685--3688},
year = {1996}
}

@article{qua-bir2016,
title = {{Adaptive time stepping for vesicle simulations}},
author = {Bryan Quaife and George Biros},
journal = {Journal of Computational Physics},
volume = {306},
pages = {478--499},
year = {2016}
}

@article{vee-raj-bir-pur2009,
title = {Analytical and numerical solutions for shapes of quiescent
  two-dimensional vesicles},
author = {Shravan K.~Veerapaneni and Ritwik Raj and George Biros and
  Prashant K.~Purohit},
journal = {International Journal of Non-Linear Mechanics},
volume = {44},
pages = {257--262},
year = {2009}
}

@article{kao-bir-mis2009,
title = {{Why Do Red Blood Cells Have Asymmetric Shapes Even in a
  Symmetric Flow?}},
author = {Badr Kaoui and George Biros and Chaouqi Misbah},
journal = {Physical Review Letters},
volume = {103},
number = {18},
pages = {188101},
year = {2009}
}

@article{abk-fai-sto2006,
title = {High-speed microfluidic differential manometer for
  cellular-scale hydrodynamics},
author = {Manouk Abkarian and Magalie Faivre and Howard A.~Stone},
journal = {Proceedings of the National Academy of Sciences},
volume = {103},
number = {3},
pages = {538--542},
year = {2006},
publisher = {National Academy Sciences}
}

@article{dan-vla-mis2009,
title = {{Vesicles in Poiseuille Flow}},
author = {Gerrit Danker and Petia M.~Vlahovska and Chaouqi Misbah},
journal = {Physical Review Letters},
volume = {102},
pages = {148102},
year = {2009}
}

@article{ali-ovr-ran2020,
title = {Modeling membrane nanotube morphology: the role of
  heterogeneity in composition and material properties},
author = {Haleh Alimohamadi and Ben Ovryn and Padmini Rangamani},
journal = {Scientific Reports},
volume = {10},
number = {1},
pages = {1--15},
year = {2020},
publisher = {Nature Publishing Group}
}

