@article{yao-mor2017,
title = {A numerical method for osmotic water flow and solute diffusion
with deformable membrane boundaries in two spatial dimension},
author = {Lingxing Yao and Yoichiro Mori},
journal = {Journal of Computational Physics},
volume = {350},
pages = {728--746},
year = {2017}
}

@article{vee-gue-zor-bir2009,
title = {A boundary integral method for simulating the dynamics of
  inextensible vesicles suspended in a viscous fluid in 2{D}},
author = {S.~K.~Veerapaneni and D.~Gueyffier and D.~Zorin and G.~Biros},
journal = {Journal of Computational Physics},
volume = {228},
number = {7},
pages = {2334--2353},
year = {2009}
}

@artcile{and1983,
title = {Movement of semipermeable vesicle through an osmotic gradient},
author = {John L.~Anderson},
journal = {Physics of Fluids},
volume = {26},
pages = {2871},
year = {1983}
}

@article{gup-sre-tha2015,
title = {Autonomous movement of a chemically powered vesicle},
author = {Shivam Gupta and K.~K.~Sreeja and Snigdha Thakur},
journal = {Physical Review E},
volume = {92},
pages = {042703},
year = {2015}
}

@phdthesis{jay2010,
title = {{A Numerical Study of a Permeable Capsule Under Stokes Flows by
the Immersed Interface Method}},
author = {Pahala Gedara Jayathilake},
school = {National University of Singapore},
year = {2010}
}

@article{jay-kho-tan2010,
title = {{Effect of membrane permeability on capsule substrate adhesion:
Computation using immersed interface method}},
author = {P.G.~Jayathilake and B.C.~Khoo and Zhijun Tan},
journal = {Chemical Engineering Science},
volume = {65},
pages = {3567--3578},
year = {2010}
}

@article{jay-tan-kho-wij2010,
title = {{Deformation and osmotic swelling of an elastic membrane
capsule in Stokes flows by the immersed interface method}},
author = {P.G.~Jayathilake and Zhijun Tan and B.C.~Khoo and
N.E.~Wijeysundera},
journal = {Chemical Engineering Science},
volume = {65},
pages = {1237--1252},
year = {2010}
}

@article{lay2006,
title = {{Modeling Water Transport Across Elastic Boundaries Using an
Explicit Jump Method}},
author = {Anita T.~Layton},
journal = {SIAM Journal on Scientific Computing},
volume = {28},
number = {6},
pages = {2189--2207},
year = {2006}
}

@article{may1984,
title = {{The Fast Solution of Poisson's and the Biharmonic Equations on
  Irregular Regions}},
author = {A.~Mayo},
journal = {SIAM Journal on Numerical Analysis},
volume = {21},
number = {2},
pages = {285--289},
year = {1984}
}

@article{li-mor-sun2015,
title = {{Flow-Driven Cell Migration under External Electric Fields}},
author = {Yizeng Li and Yoichiro Mori and Sean X.~Sun},
journal = {Physical Review Letters},
volume = {115},
pages = {268101},
year = {2015}
}

@article{liu-chu-new-rea-low-all2019,
title = {{Hydrodynamics of transient cell-cell contact: The role of
membrane permeability and active protrusion length}},
author = {Kai Liu and Brian Chu and Jay Newby and Elizabeth L.~Read and
John Lowengrub and Jun Allard},
journal = {Computational Biology},
volume = {},
pages = {},
year = {2019}
}

@article{nar-bru-sac1999,
title = {{Vesicles as Osmotic Motors}},
author = {J.~Nardi and R.~Bruinsma and E.~Sackmann},
journal = {Physical Review Letters},
volume = {82},
number = {25},
pages = {5168--5171},
year = {1999}
}

@article{sto2009,
title = {Modelling and simulation of porous immersed boundaries},
author = {John M.~Stockie},
journal = {Computers and Structures},
volume = {87},
pages = {701--709},
year = {2009}
}

